%%%%%%%%%%%%%%%%%%%%%%%%%%%%%%%%%%%%%%%%%%%%%%%%%%%%%%%%%%%%%%%%%%%

@online{MIUR,
  author = "Ministero dell'Istruzione e del Merito",
  title = "Lavoro agile",
  url = "https://miur.gov.it/lavoro-agile",
}

@online{Osservatori,
  author = "Osservatori",
  title = "SMART WORKING - Il lavoro agile dalla teoria alla pratica",
  url = https://blog.osservatori.net/it_it/smart-working-cos-e-come-funziona-in-italia",
}

@online{Gazzetta,
  author = "Gazzetta Ufficiale",
  title = "Legge 22 maggio 2017, n. 81",
  url = https://www.gazzettaufficiale.it/eli/id/2017/06/13/17G00096/sg",
}
